@ARTICLE{nsa,
   author = {{Blanton}, M.~R. and {Kazin}, E. and {Muna}, D. and {Weaver}, B.~A. and 
	{Price-Whelan}, A.},
    title = "{Improved Background Subtraction for the Sloan Digital Sky Survey Images}",
  journal = {The Astronomical Journal},
archivePrefix = "arXiv",
   eprint = {1105.1960},
 primaryClass = "astro-ph.IM",
 keywords = {atmospheric effects, galaxies: photometry, methods: data analysis, techniques: image processing},
     year = 2011,
    month = jul,
   volume = 142,
      eid = {31},
    pages = {31},
      doi = {10.1088/0004-6256/142/1/31},
   adsurl = {http://adsabs.harvard.edu/abs/2011AJ....142...31B},
  adsnote = {Provided by the SAO/NASA Astrophysics Data System}
}

@ARTICLE{dposs,
   author = {{Gal}, R.~R. and {de Carvalho}, R.~R. and {Odewahn}, S.~C. and 
	{Djorgovski}, S.~G. and {Mahabal}, A. and {Brunner}, R.~J. and 
	{Lopes}, P.~A.~A.},
    title = "{The Digitized Second Palomar Observatory Sky Survey (DPOSS). II. Photometric Calibration}",
  journal = {The Astronomical Journal},
 keywords = {Catalogs, Surveys, Techniques: Photometric},
     year = 2004,
    month = dec,
   volume = 128,
    pages = {3082-3091},
      doi = {10.1086/344941},
   adsurl = {http://adsabs.harvard.edu/abs/2004AJ....128.3082G},
  adsnote = {Provided by the SAO/NASA Astrophysics Data System}
}

@ARTICLE{2mass,
   author = {{Skrutskie}, M.~F. and {Cutri}, R.~M. and {Stiening}, R. and 
	{Weinberg}, M.~D. and {Schneider}},
    title = "{The Two Micron All Sky Survey (2MASS)}",
  journal = {The Astronomical Journal},
 keywords = {Catalogs, Infrared: General, Surveys},
     year = 2006,
    month = feb,
   volume = 131,
    pages = {1163-1183},
      doi = {10.1086/498708},
   adsurl = {http://adsabs.harvard.edu/abs/2006AJ....131.1163S},
  adsnote = {Provided by the SAO/NASA Astrophysics Data System}
}
@ARTICLE{nyuvagc,
   author = {{Blanton}, M.~R. and {Schlegel}, D.~J. and {Strauss}, M.~A. and 
	{Brinkmann}, J. and {Finkbeiner}, D. and {Fukugita}, M. and 
	{Gunn}, J.~E. and {Hogg}, D.~W. and {Ivezi{\'c}}, {\v Z}. and 
	{Knapp}, G.~R. and {Lupton}, R.~H. and {Munn}, J.~A. and {Schneider}, D.~P. and 
	{Tegmark}, M. and {Zehavi}, I.},
    title = "{New York University Value-Added Galaxy Catalog: A Galaxy Catalog Based on New Public Surveys}",
  journal = {The Astronomical Journal},
   eprint = {astro-ph/0410166},
 keywords = {Galaxies: Distances and Redshifts, Galaxies: Photometry, Galaxies: Statistics},
     year = 2005,
    month = jun,
   volume = 129,
    pages = {2562-2578},
      doi = {10.1086/429803},
   adsurl = {http://adsabs.harvard.edu/abs/2005AJ....129.2562B},
  adsnote = {Provided by the SAO/NASA Astrophysics Data System}
}

@BOOK{rc31991,
   author = {{de Vaucouleurs}, G. and {de Vaucouleurs}, A. and {Corwin}, Jr., H.~G. and 
	{Buta}, R.~J. and {Paturel}, G. and {Fouqu{\'e}}, P.},
    title = "{Third Reference Catalogue of Bright Galaxies. Volume I: Explanations and references. Volume II: Data for galaxies between 0$^{h}$ and 12$^{h}$. Volume III: Data for galaxies between 12$^{h}$ and 24$^{h}$.}",
booktitle = {Third Reference Catalogue of Bright Galaxies.~Volume I: Explanations and references.~ Volume II: Data for galaxies between 0$^{h}$ and 12$^{h}$.~ Volume III: Data for galaxies between 12$^{h}$ and 24$^{h}$., by de Vaucouleurs, G.; de Vaucouleurs, A.; Corwin, H.~G., Jr.; Buta, R.~J.; Paturel, G.; Fouqu{\'e}, P..~Springer, New York, NY (USA), 1991, 2091 p., ISBN 0-387-97552-7, Price US\$ 198.00.~ISBN 3-540-97552-7, Price DM 448.00.~ISBN 0-387-97549-7 (Vol.~I), ISBN 0-387-97550-0 (Vol.~II), ISBN 0-387-97551-9 (Vol.~III).},
     year = 1991,
   adsurl = {http://adsabs.harvard.edu/abs/1991rc3..book.....D},
  adsnote = {Provided by the SAO/NASA Astrophysics Data System}
}

@ARTICLE{edr,
   author = {{Stoughton}, C.  {Lupton}, R.~H. and {Bernardi}, M. et al.},
    title = "{Sloan Digital Sky Survey: Early Data Release}",
 keywords = {Atlases, Catalogs, Surveys},
     year = 2002,
    month = jan,
   volume = 123,
    pages = {485-548},
      doi = {10.1086/324741},
   adsurl = {http://adsabs.harvard.edu/abs/2002AJ....123..485S},
  adsnote = {Provided by the SAO/NASA Astrophysics Data System}
}

@ARTICLE{rc3,
   author = {{de Vaucouleurs}, G. and {de Vaucouleurs}, A. and {Corwin}, H.~G. and 
	{Buta}, R.~J. and {Paturel}, G. and {Fouque}, P.},
    title = "{Third Reference Cat. of Bright Galaxies (RC3) (de Vaucouleurs+ 1991)}",
  journal = {VizieR Online Data Catalog},
 keywords = {Galaxy catalogs},
     year = 1995,
    month = feb,
   volume = 7155,
    pages = {0},
   adsurl = {http://adsabs.harvard.edu/abs/1995yCat.7155....0D},
  adsnote = {Provided by the SAO/NASA Astrophysics Data System}
}

@INPROCEEDINGS{photopaper,
   author = {{Lupton}, R. and {Gunn}, J.~E. and {Ivezi{\'c}}, Z. and {Knapp}, G.~R. and 
	{Kent}, S.},
    title = "{The SDSS Imaging Pipelines}",
booktitle = {Astronomical Data Analysis Software and Systems X},
     year = 2001,
   series = {Astronomical Society of the Pacific Conference Series},
   volume = 238,
   eprint = {astro-ph/0101420},
   editor = {{Harnden}, Jr., F.~R. and {Primini}, F.~A. and {Payne}, H.~E.
	},
    pages = {269},
   adsurl = {http://adsabs.harvard.edu/abs/2001ASPC..238..269L},
  adsnote = {Provided by the SAO/NASA Astrophysics Data System}
}
@INPROCEEDINGS{irsa,
   author = {{Alexov}, A. and {Berriman}, G.~B. and {Chiu}, N.-M. and {Good}, J.~C. and 
	{Jarrett}, T.~H. and {Kong}, M. and {Laity}, A.~C. and {Monkewitz}, S.~M. and 
	{Tahir-Kheli}, N.~D. and {Norton}, S.~W. and {Zhang}, A.},
    title = "{The NASA/IPAC Infrared Science Archive (IRSA): The Demo}",
booktitle = {Astronomical Data Analysis Software and Systems XIV},
     year = 2005,
   series = {Astronomical Society of the Pacific Conference Series},
   volume = 347,
   editor = {{Shopbell}, P. and {Britton}, M. and {Ebert}, R.},
    month = dec,
    pages = {7},
   adsurl = {http://adsabs.harvard.edu/abs/2005ASPC..347....7A},
  adsnote = {Provided by the SAO/NASA Astrophysics Data System}
}
@ARTICLE{montage,
   author = {{Jacob}, J.~C. and {Katz}, D.~S. and {Berriman}, G.~B. and {Good}, J. and 
	{Laity}, A.~C. and {Deelman}, E. and {Kesselman}, C. and {Singh}, G. and 
	{Su}, M.-H. and {Prince}, T.~A. and {Williams}, R.},
    title = "{Montage: a grid portal and software toolkit for science-grade astronomical image mosaicking}",
  journal = {ArXiv e-prints},
archivePrefix = "arXiv",
   eprint = {1005.4454},
 primaryClass = "astro-ph.IM",
 keywords = {Astrophysics - Instrumentation and Methods for Astrophysics, Computer Science - Distributed, Parallel, and Cluster Computing, Computer Science - Software Engineering},
     year = 2010,
    month = may,
   adsurl = {http://adsabs.harvard.edu/abs/2010arXiv1005.4454J},
  adsnote = {Provided by the SAO/NASA Astrophysics Data System}
} 
@INPROCEEDINGS{stiff,
   author = {{Bertin}, E.},
    title = "{Displaying Digital Deep Sky Images}",
booktitle = {Astronomical Data Analysis Software and Systems XXI},
     year = 2012,
   series = {Astronomical Society of the Pacific Conference Series},
   volume = 461,
   editor = {{Ballester}, P. and {Egret}, D. and {Lorente}, N.~P.~F.},
    month = sep,
    pages = {263},
   adsurl = {http://adsabs.harvard.edu/abs/2012ASPC..461..263B},
  adsnote = {Provided by the SAO/NASA Astrophysics Data System}
}
@ARTICLE{efigi,
   author = {{Baillard}, A. and {Bertin}, E. and {de Lapparent}, V. and {Fouqu{\'e}}, P. and 
	{Arnouts}, S. and {Mellier}, Y. and {Pell{\'o}}, R. and {Leborgne}, J.-F. and 
	{Prugniel}, P. and {Makarov}, D. and {Makarova}, L. and {McCracken}, H.~J. and 
	{Bijaoui}, A. and {Tasca}, L.},
    title = "{The EFIGI catalogue of 4458 nearby galaxies with detailed morphology}",
 primaryClass = "astro-ph.CO",
 keywords = {astronomical databases: miscellaneous, catalogs, Galaxy: fundamental parameters, galaxies: spiral, galaxies: dwarf, galaxies: elliptical and lenticular, cD},
     year = 2011,
    month = aug,
   volume = 532,
      eid = {A74},
    pages = {A74},
      doi = {10.1051/0004-6361/201016423},
   adsurl = {http://adsabs.harvard.edu/abs/2011A%26A...532A..74B},
  adsnote = {Provided by the SAO/NASA Astrophysics Data System}
}
@ARTICLE{sextractor,
   author = {{Bertin}, E. and {Arnouts}, S.},
    title = "{SExtractor: Software for source extraction.}",
  journal = {Astronomy and Astrophysics Supplement},
 keywords = {METHODS: DATA ANALYSIS, TECHNIQUES: IMAGE PROCESSING, GALAXIES: PHOTOMETRY},
     year = 1996,
    month = jun,
   volume = 117,
    pages = {393-404},
   adsurl = {http://adsabs.harvard.edu/abs/1996A%26AS..117..393B},
  adsnote = {Provided by the SAO/NASA Astrophysics Data System}
}
@INPROCEEDINGS{rc2,
   author = {{de Vaucouleurs}, G. and {de Vaucouleurs}, A. and {Corwin}, J.~R.
	},
    title = "{Second reference catalogue of bright galaxies}",
booktitle = {Second reference catalogue of bright galaxies, 1976, Austin: University of Texas Press.},
     year = 1976,
    pages = {0},
   adsurl = {http://adsabs.harvard.edu/abs/1976RC2...C......0D},
  adsnote = {Provided by the SAO/NASA Astrophysics Data System}
}

@ARTICLE{astrometry.net,
   author = {{Lang}, D. and {Hogg}, D.~W. and {Mierle}, K. and {Blanton}, M. and 
	{Roweis}, S.},
    title = "{Astrometry.net: Blind Astrometric Calibration of Arbitrary Astronomical Images}",
  journal = {The Astronomical Journal, Volume 139, Issue 5, pp. 1782-1800 (2010)},
archivePrefix = "arXiv",
   eprint = {0910.2233},
 primaryClass = "astro-ph.IM",
 keywords = {astrometry, catalogs, instrumentation: miscellaneous, methods: data analysis, methods: statistical, techniques: image processing},
     year = 2010,
    month = may,
   volume = 139,
    pages = {1782-1800},
      doi = {10.1088/0004-6256/139/5/1782},
   adsurl = {http://adsabs.harvard.edu/abs/2010AJ....139.1782L},
  adsnote = {Provided by the SAO/NASA Astrophysics Data System}
}

@MISC{aplpy,
   author = {{Robitaille}, T. and {Bressert}, E.},
    title = "{APLpy: Astronomical Plotting Library in Python}",
     note = {Astrophysics Source Code Library},
     year = 2012,
archivePrefix = "ascl",
   eprint = {1208.017},
    month = aug,
   adsurl = {http://adsabs.harvard.edu/abs/2012ascl.soft08017R},
  adsnote = {Provided by the SAO/NASA Astrophysics Data System}
}


@ARTICLE{sextractor_manual,
   author = {{Holwerda}, B.~W.},
    title = "{Source Extractor for Dummies v5}",
  journal = {ArXiv Astrophysics e-prints},
   eprint = {astro-ph/0512139},
 keywords = {Astrophysics},
     year = 2005,
    month = dec,
   adsurl = {http://adsabs.harvard.edu/abs/2005astro.ph.12139H},
  adsnote = {Provided by the SAO/NASA Astrophysics Data System}
}
@ARTICLE{astropy,
   author = {{Astropy Collaboration} and {Robitaille}, T.~P. and {Tollerud}, E.~J. and 
	{Greenfield}, P. and {Droettboom}, M. and {Bray}, E. and {Aldcroft}, T. and 
	{Davis}, M. and {Ginsburg}, A. and {Price-Whelan}, A.~M. and 
	{Kerzendorf}, W.~E. and {Conley}, A. and {Crighton}, N. and 
	{Barbary}, K. and {Muna}, D. and {Ferguson}, H. and {Grollier}, F. and 
	{Parikh}, M.~M. and {Nair}, P.~H. and {Unther}, H.~M. and {Deil}, C. and 
	{Woillez}, J. and {Conseil}, S. and {Kramer}, R. and {Turner}, J.~E.~H. and 
	{Singer}, L. and {Fox}, R. and {Weaver}, B.~A. and {Zabalza}, V. and 
	{Edwards}, Z.~I. and {Azalee Bostroem}, K. and {Burke}, D.~J. and 
	{Casey}, A.~R. and {Crawford}, S.~M. and {Dencheva}, N. and 
	{Ely}, J. and {Jenness}, T. and {Labrie}, K. and {Lim}, P.~L. and 
	{Pierfederici}, F. and {Pontzen}, A. and {Ptak}, A. and {Refsdal}, B. and 
	{Servillat}, M. and {Streicher}, O.},
    title = "{Astropy: A community Python package for astronomy}",
  journal = {\aap},
archivePrefix = "arXiv",
   eprint = {1307.6212},
 primaryClass = "astro-ph.IM",
 keywords = {methods: data analysis, methods: miscellaneous, virtual observatory tools},
     year = 2013,
    month = oct,
   volume = 558,
      eid = {A33},
    pages = {A33},
      doi = {10.1051/0004-6361/201322068},
   adsurl = {http://adsabs.harvard.edu/abs/2013A%26A...558A..33A},
  adsnote = {Provided by the SAO/NASA Astrophysics Data System}
}



