@ARTICLE{edr,
   author = {{Stoughton}, C. and {Lupton}, R.~H. and {Bernardi}, M. and {Blanton}, M.~R. and 
	{Burles}, S. and {Castander}, F.~J. and {Connolly}, A.~J. and 
	{Eisenstein}, D.~J. and {Frieman}, J.~A. and {Hennessy}, G.~S. and 
	{Hindsley}, R.~B. and {Ivezi{\'c}}, {\v Z}. and {Kent}, S. and 
	{Kunszt}, P.~Z. and {Lee}, B.~C. and {Meiksin}, A. and {Munn}, J.~A. and 
	{Newberg}, H.~J. and {Nichol}, R.~C. and {Nicinski}, T. and 
	{Pier}, J.~R. and {Richards}, G.~T. and {Richmond}, M.~W. and 
	{Schlegel}, D.~J. and {Smith}, J.~A. and {Strauss}, M.~A. and 
	{SubbaRao}, M. and {Szalay}, A.~S. and {Thakar}, A.~R. and {Tucker}, D.~L. and 
	{Vanden Berk}, D.~E. and {Yanny}, B. and {Adelman}, J.~K. and 
	{Anderson}, Jr., J.~E. and {Anderson}, S.~F. and {Annis}, J. and 
	{Bahcall}, N.~A. and {Bakken}, J.~A. and {Bartelmann}, M. and 
	{Bastian}, S. and {Bauer}, A. and {Berman}, E. and {B{\"o}hringer}, H. and 
	{Boroski}, W.~N. and {Bracker}, S. and {Briegel}, C. and {Briggs}, J.~W. and 
	{Brinkmann}, J. and {Brunner}, R. and {Carey}, L. and {Carr}, M.~A. and 
	{Chen}, B. and {Christian}, D. and {Colestock}, P.~L. and {Crocker}, J.~H. and 
	{Csabai}, I. and {Czarapata}, P.~C. and {Dalcanton}, J. and 
	{Davidsen}, A.~F. and {Davis}, J.~E. and {Dehnen}, W. and {Dodelson}, S. and 
	{Doi}, M. and {Dombeck}, T. and {Donahue}, M. and {Ellman}, N. and 
	{Elms}, B.~R. and {Evans}, M.~L. and {Eyer}, L. and {Fan}, X. and 
	{Federwitz}, G.~R. and {Friedman}, S. and {Fukugita}, M. and 
	{Gal}, R. and {Gillespie}, B. and {Glazebrook}, K. and {Gray}, J. and 
	{Grebel}, E.~K. and {Greenawalt}, B. and {Greene}, G. and {Gunn}, J.~E. and 
	{de Haas}, E. and {Haiman}, Z. and {Haldeman}, M. and {Hall}, P.~B. and 
	{Hamabe}, M. and {Hansen}, B. and {Harris}, F.~H. and {Harris}, H. and 
	{Harvanek}, M. and {Hawley}, S.~L. and {Hayes}, J.~J.~E. and 
	{Heckman}, T.~M. and {Helmi}, A. and {Henden}, A. and {Hogan}, C.~J. and 
	{Hogg}, D.~W. and {Holmgren}, D.~J. and {Holtzman}, J. and {Huang}, C.-H. and 
	{Hull}, C. and {Ichikawa}, S.-I. and {Ichikawa}, T. and {Johnston}, D.~E. and 
	{Kauffmann}, G. and {Kim}, R.~S.~J. and {Kimball}, T. and {Kinney}, E. and 
	{Klaene}, M. and {Kleinman}, S.~J. and {Klypin}, A. and {Knapp}, G.~R. and 
	{Korienek}, J. and {Krolik}, J. and {Kron}, R.~G. and {Krzesi{\'n}ski}, J. and 
	{Lamb}, D.~Q. and {Leger}, R.~F. and {Limmongkol}, S. and {Lindenmeyer}, C. and 
	{Long}, D.~C. and {Loomis}, C. and {Loveday}, J. and {MacKinnon}, B. and 
	{Mannery}, E.~J. and {Mantsch}, P.~M. and {Margon}, B. and {McGehee}, P. and 
	{McKay}, T.~A. and {McLean}, B. and {Menou}, K. and {Merelli}, A. and 
	{Mo}, H.~J. and {Monet}, D.~G. and {Nakamura}, O. and {Narayanan}, V.~K. and 
	{Nash}, T. and {Neilsen}, Jr., E.~H. and {Newman}, P.~R. and 
	{Nitta}, A. and {Odenkirchen}, M. and {Okada}, N. and {Okamura}, S. and 
	{Ostriker}, J.~P. and {Owen}, R. and {Pauls}, A.~G. and {Peoples}, J. and 
	{Peterson}, R.~S. and {Petravick}, D. and {Pope}, A. and {Pordes}, R. and 
	{Postman}, M. and {Prosapio}, A. and {Quinn}, T.~R. and {Rechenmacher}, R. and 
	{Rivetta}, C.~H. and {Rix}, H.-W. and {Rockosi}, C.~M. and {Rosner}, R. and 
	{Ruthmansdorfer}, K. and {Sandford}, D. and {Schneider}, D.~P. and 
	{Scranton}, R. and {Sekiguchi}, M. and {Sergey}, G. and {Sheth}, R. and 
	{Shimasaku}, K. and {Smee}, S. and {Snedden}, S.~A. and {Stebbins}, A. and 
	{Stubbs}, C. and {Szapudi}, I. and {Szkody}, P. and {Szokoly}, G.~P. and 
	{Tabachnik}, S. and {Tsvetanov}, Z. and {Uomoto}, A. and {Vogeley}, M.~S. and 
	{Voges}, W. and {Waddell}, P. and {Walterbos}, R. and {Wang}, S.-i. and 
	{Watanabe}, M. and {Weinberg}, D.~H. and {White}, R.~L. and 
	{White}, S.~D.~M. and {Wilhite}, B. and {Wolfe}, D. and {Yasuda}, N. and 
	{York}, D.~G. and {Zehavi}, I. and {Zheng}, W.},
    title = "{Sloan Digital Sky Survey: Early Data Release}",
 keywords = {Atlases, Catalogs, Surveys},
     year = 2002,
    month = jan,
   volume = 123,
    pages = {485-548},
      doi = {10.1086/324741},
   adsurl = {http://adsabs.harvard.edu/abs/2002AJ....123..485S},
  adsnote = {Provided by the SAO/NASA Astrophysics Data System}
}

@ARTICLE{rc3,
   author = {{de Vaucouleurs}, G. and {de Vaucouleurs}, A. and {Corwin}, H.~G. and 
	{Buta}, R.~J. and {Paturel}, G. and {Fouque}, P.},
    title = "{Third Reference Cat. of Bright Galaxies (RC3) (de Vaucouleurs+ 1991)}",
  journal = {VizieR Online Data Catalog},
 keywords = {Galaxy catalogs},
     year = 1995,
    month = feb,
   volume = 7155,
    pages = {0},
   adsurl = {http://adsabs.harvard.edu/abs/1995yCat.7155....0D},
  adsnote = {Provided by the SAO/NASA Astrophysics Data System}
}

@INPROCEEDINGS{photopaper,
   author = {{Lupton}, R. and {Gunn}, J.~E. and {Ivezi{\'c}}, Z. and {Knapp}, G.~R. and 
	{Kent}, S.},
    title = "{The SDSS Imaging Pipelines}",
booktitle = {Astronomical Data Analysis Software and Systems X},
     year = 2001,
   series = {Astronomical Society of the Pacific Conference Series},
   volume = 238,
   eprint = {astro-ph/0101420},
   editor = {{Harnden}, Jr., F.~R. and {Primini}, F.~A. and {Payne}, H.~E.
	},
    pages = {269},
   adsurl = {http://adsabs.harvard.edu/abs/2001ASPC..238..269L},
  adsnote = {Provided by the SAO/NASA Astrophysics Data System}
}
@ARTICLE{montage,
   author = {{Jacob}, J.~C. and {Katz}, D.~S. and {Berriman}, G.~B. and {Good}, J. and 
	{Laity}, A.~C. and {Deelman}, E. and {Kesselman}, C. and {Singh}, G. and 
	{Su}, M.-H. and {Prince}, T.~A. and {Williams}, R.},
    title = "{Montage: a grid portal and software toolkit for science-grade astronomical image mosaicking}",
  journal = {ArXiv e-prints},
archivePrefix = "arXiv",
   eprint = {1005.4454},
 primaryClass = "astro-ph.IM",
 keywords = {Astrophysics - Instrumentation and Methods for Astrophysics, Computer Science - Distributed, Parallel, and Cluster Computing, Computer Science - Software Engineering},
     year = 2010,
    month = may,
   adsurl = {http://adsabs.harvard.edu/abs/2010arXiv1005.4454J},
  adsnote = {Provided by the SAO/NASA Astrophysics Data System}
} 
@INPROCEEDINGS{stiff,
   author = {{Bertin}, E.},
    title = "{Displaying Digital Deep Sky Images}",
booktitle = {Astronomical Data Analysis Software and Systems XXI},
     year = 2012,
   series = {Astronomical Society of the Pacific Conference Series},
   volume = 461,
   editor = {{Ballester}, P. and {Egret}, D. and {Lorente}, N.~P.~F.},
    month = sep,
    pages = {263},
   adsurl = {http://adsabs.harvard.edu/abs/2012ASPC..461..263B},
  adsnote = {Provided by the SAO/NASA Astrophysics Data System}
}
@ARTICLE{efigi,
   author = {{Baillard}, A. and {Bertin}, E. and {de Lapparent}, V. and {Fouqu{\'e}}, P. and 
	{Arnouts}, S. and {Mellier}, Y. and {Pell{\'o}}, R. and {Leborgne}, J.-F. and 
	{Prugniel}, P. and {Makarov}, D. and {Makarova}, L. and {McCracken}, H.~J. and 
	{Bijaoui}, A. and {Tasca}, L.},
    title = "{The EFIGI catalogue of 4458 nearby galaxies with detailed morphology}",
 primaryClass = "astro-ph.CO",
 keywords = {astronomical databases: miscellaneous, catalogs, Galaxy: fundamental parameters, galaxies: spiral, galaxies: dwarf, galaxies: elliptical and lenticular, cD},
     year = 2011,
    month = aug,
   volume = 532,
      eid = {A74},
    pages = {A74},
      doi = {10.1051/0004-6361/201016423},
   adsurl = {http://adsabs.harvard.edu/abs/2011A%26A...532A..74B},
  adsnote = {Provided by the SAO/NASA Astrophysics Data System}
}

@ARTICLE{sextractor_manual,
   author = {{Holwerda}, B.~W.},
    title = "{Source Extractor for Dummies v5}",
  journal = {ArXiv Astrophysics e-prints},
   eprint = {astro-ph/0512139},
 keywords = {Astrophysics},
     year = 2005,
    month = dec,
   adsurl = {http://adsabs.harvard.edu/abs/2005astro.ph.12139H},
  adsnote = {Provided by the SAO/NASA Astrophysics Data System}
}
@ARTICLE{astropy,
   author = {{Astropy Collaboration} and {Robitaille}, T.~P. and {Tollerud}, E.~J. and 
	{Greenfield}, P. and {Droettboom}, M. and {Bray}, E. and {Aldcroft}, T. and 
	{Davis}, M. and {Ginsburg}, A. and {Price-Whelan}, A.~M. and 
	{Kerzendorf}, W.~E. and {Conley}, A. and {Crighton}, N. and 
	{Barbary}, K. and {Muna}, D. and {Ferguson}, H. and {Grollier}, F. and 
	{Parikh}, M.~M. and {Nair}, P.~H. and {Unther}, H.~M. and {Deil}, C. and 
	{Woillez}, J. and {Conseil}, S. and {Kramer}, R. and {Turner}, J.~E.~H. and 
	{Singer}, L. and {Fox}, R. and {Weaver}, B.~A. and {Zabalza}, V. and 
	{Edwards}, Z.~I. and {Azalee Bostroem}, K. and {Burke}, D.~J. and 
	{Casey}, A.~R. and {Crawford}, S.~M. and {Dencheva}, N. and 
	{Ely}, J. and {Jenness}, T. and {Labrie}, K. and {Lim}, P.~L. and 
	{Pierfederici}, F. and {Pontzen}, A. and {Ptak}, A. and {Refsdal}, B. and 
	{Servillat}, M. and {Streicher}, O.},
    title = "{Astropy: A community Python package for astronomy}",
  journal = {\aap},
archivePrefix = "arXiv",
   eprint = {1307.6212},
 primaryClass = "astro-ph.IM",
 keywords = {methods: data analysis, methods: miscellaneous, virtual observatory tools},
     year = 2013,
    month = oct,
   volume = 558,
      eid = {A33},
    pages = {A33},
      doi = {10.1051/0004-6361/201322068},
   adsurl = {http://adsabs.harvard.edu/abs/2013A%26A...558A..33A},
  adsnote = {Provided by the SAO/NASA Astrophysics Data System}
}



