
@ARTICLE{messcat,
   author = {{Messier}, C.},
    title = "{Catalogue des N{\'e}buleuses \& des amas d'{\'E}toiles}",
   journal = {Connoissance des Temps for 1784},
   keywords = {Catalogs: General, Surveys},
     year = 1781,
     pages = {227-267}
}

@ARTICLE{ngccat,
   author = {{Dreyer}, J.~L.~E.},
    title = "{A New General Catalogue of Nebul{\ae} and Clusters of Stars, being the Catalogue of the late Sir John F. W. Herschel, Bart, revised, corrected, and enlarged}",
  journal = {Memoirs of the Royal Astronomical Society},
     year = 1888,
   volume = 49,
    pages = {1},
   adsurl = {http://adsabs.harvard.edu/abs/1888MmRAS..49....1D},
  adsnote = {Provided by the SAO/NASA Astrophysics Data System}
}

@ARTICLE{poss2,
   author = {{Reid}, I.~N. and {Brewer}, C. and {Brucato}, R.~J. and {McKinley}, W.~R. and 
	{Maury}, A. and {Mendenhall}, D. and {Mould}, J.~R. and {Mueller}, J. and 
	{Neugebauer}, G. and {Phinney}, J. and {Sargent}, W.~L.~W. and 
	{Schombert}, J. and {Thicksten}, R.},
    title = "{The second Palomar Sky Survey}",
  journal = {Publications of the Astronomical Society of the Pacific},
 keywords = {Astronomical Observatories, Astronomical Photography, Sky Surveys (Astronomy), Photographic Plates, Sky Brightness, Southern Sky, Telescopes},
     year = 1991,
    month = jul,
   volume = 103,
    pages = {661-674},
      doi = {10.1086/132866},
   adsurl = {http://adsabs.harvard.edu/abs/1991PASP..103..661R},
  adsnote = {Provided by the SAO/NASA Astrophysics Data System}
}

@ARTICLE{des,
   author = {{The Dark Energy Survey Collaboration}},
    title = "{The Dark Energy Survey}",
  journal = {ArXiv Astrophysics e-prints},
   eprint = {astro-ph/0510346},
 keywords = {Astrophysics},
     year = 2005,
    month = oct,
   adsurl = {http://adsabs.harvard.edu/abs/2005astro.ph.10346T},
  adsnote = {Provided by the SAO/NASA Astrophysics Data System}
}


@MISC{aplpy,
   author = {{Robitaille}, T. and {Bressert}, E.},
    title = "{APLpy: Astronomical Plotting Library in Python}",
    year = 2012,
    howpublished    = {\url{http://aplpy.github.io}},
    note = "{Last Accessed: 2014-08-15}",
}


@misc{montpy,
  author = {{Robitaille}, T.},
  title = {The montage-wrapper github repository},
  howpublished = {\url{https://github.com/astropy/montage-wrapper}},
  note = "{Last Accessed: 2014-09-22}",
  year = 2014
}

@misc{sqlclref,
   title  = "SDSS Command line query tool",
   author = "{Budavari},T.",
   howpublished    = {\url{http://cas.sdss.org/dr7/sp/help/download/sqlcl/}},
   year   = "2004",
    note = "{Last Accessed: 2014-09-22}",
}

@misc{hbrc3,
   title  = "SDSS images of selected RC3 galaxies",
   author = "{Hogg}, D.~W. and {Blanton},M.~R.",
   howpublished    = {\url{http://cosmo.nyu.edu/hogg/rc3/}},
   year   = "2006",
   note = "{Last Accessed: 2014-09-17}",
   }

@ARTICLE{dr10,
   author = {{Ahn}, C.~P. and {Alexandroff}, R. and {Allende Prieto}, C. and 
	{Anders}, F. and {Anderson}, S.~F. and {Anderton}, T. and {Andrews}, B.~H. and 
	{Aubourg}, {\'E}. and {Bailey}, S. and {Bastien}, F.~A. and et al.},
    title = "{The Tenth Data Release of the Sloan Digital Sky Survey: First Spectroscopic Data from the SDSS-III Apache Point Observatory Galactic Evolution Experiment}",
  journal = {The Astrophysical Journal, Supplement},
archivePrefix = "arXiv",
   eprint = {1307.7735},
 primaryClass = "astro-ph.IM",
 keywords = {atlases, catalogs, surveys },
     year = 2014,
    month = apr,
   volume = 211,
      eid = {17},
    pages = {17},
      doi = {10.1088/0067-0049/211/2/17},
   adsurl = {http://adsabs.harvard.edu/abs/2014ApJS..211...17A},
  adsnote = {Provided by the SAO/NASA Astrophysics Data System}
}

@ARTICLE{wise,
   author = {{Wright}, E.~L. and {Eisenhardt}, P.~R.~M. and {Mainzer}, A.~K. and 
	{Ressler}, M.~E. and {Cutri}, R.~M. and {Jarrett}, T. and {Kirkpatrick}, J.~D. and 
	{Padgett}, D. and {McMillan}, R.~S. and {Skrutskie}, M. and 
	{Stanford}, S.~A. and {Cohen}, M. and {Walker}, R.~G. and {Mather}, J.~C. and 
	{Leisawitz}, D. and {Gautier}, III, T.~N. and {McLean}, I. and 
	{Benford}, D. and {Lonsdale}, C.~J. and {Blain}, A. and {Mendez}, B. and 
	{Irace}, W.~R. and {Duval}, V. and {Liu}, F. and {Royer}, D. and 
	{Heinrichsen}, I. and {Howard}, J. and {Shannon}, M. and {Kendall}, M. and 
	{Walsh}, A.~L. and {Larsen}, M. and {Cardon}, J.~G. and {Schick}, S. and 
	{Schwalm}, M. and {Abid}, M. and {Fabinsky}, B. and {Naes}, L. and 
	{Tsai}, C.-W.},
    title = "{The Wide-field Infrared Survey Explorer (WISE): Mission Description and Initial On-orbit Performance}",
  journal = {The Astronomical Journal},
archivePrefix = "arXiv",
   eprint = {1008.0031},
 primaryClass = "astro-ph.IM",
 keywords = {infrared: general, space vehicles, surveys},
     year = 2010,
    month = dec,
   volume = 140,
      eid = {1868},
    pages = {1868-1881},
      doi = {10.1088/0004-6256/140/6/1868},
   adsurl = {http://adsabs.harvard.edu/abs/2010AJ....140.1868W},
  adsnote = {Provided by the SAO/NASA Astrophysics Data System}
}

@ARTICLE{galex,
     author = {{Martin}, D.~C. and {Fanson}, J. and {Schiminovich}, D. and 
	{Morrissey}, P. and {Friedman}, P.~G. and {Barlow}, T.~A. and 
	{Conrow}, T. and {Grange}, R. and {Jelinsky}, P.~N. and {Milliard}, B. and 
	{Siegmund}, O.~H.~W. and {Bianchi}, L. and {Byun}, Y.-I. and 
	{Donas}, J. and {Forster}, K. and {Heckman}, T.~M. and {Lee}, Y.-W. and 
	{Madore}, B.~F. and {Malina}, R.~F. and {Neff}, S.~G. and {Rich}, R.~M. and 
	{Small}, T. and {Surber}, F. and {Szalay}, A.~S. and {Welsh}, B. and 
	{Wyder}, T.~K.},
    title = "{The Galaxy Evolution Explorer: A Space Ultraviolet Survey Mission}",
  journal = {The Astrophysical Journal, Letters},
   eprint = {astro-ph/0411302},
 keywords = {Galaxies: Evolution, Galaxies: General, Space Vehicles: Instruments, Surveys, Ultraviolet: Galaxies, Ultraviolet: General},
     year = 2005,
    month = jan,
   volume = 619,
    pages = {L1-L6},
      doi = {10.1086/426387},
   adsurl = {http://adsabs.harvard.edu/abs/2005ApJ...619L...1M},
  adsnote = {Provided by the SAO/NASA Astrophysics Data System}
}

@ARTICLE{shapley-ames,
   author = {{Shapley}, H. and {Ames}, A.},
    title = "{A survey of the external galaxies brighter than the thirteenth magnitude}",
  journal = {Annals of Harvard College Observatory},
     year = 1932,
   volume = 88,
    pages = {41-76},
   adsurl = {http://adsabs.harvard.edu/abs/1932AnHar..88...41S},
  adsnote = {Provided by the SAO/NASA Astrophysics Data System}
}

@ARTICLE{rc3-94,
   author = {{Corwin}, Jr., H.~G. and {Buta}, R.~J. and {de Vaucouleurs}, G.},
    title = "{Corrections and additions to the third reference catalogue of bright galaxies}",
  journal = {The Astronomical Journal},
 keywords = {Addition, Astronomical Catalogs, Correction, Galaxies, Color, Error Analysis, Magnitude, Position (Location), Red Shift, Tables (Data)},
     year = 1994,
    month = dec,
   volume = 108,
    pages = {2128-2144},
      doi = {10.1086/117225},
   adsurl = {http://cdsads.u-strasbg.fr/abs/1994AJ....108.2128C},
  adsnote = {Provided by the SAO/NASA Astrophysics Data System}
}

@ARTICLE{walton-rc3,
   author = {{Walton}, D.~J. and {Roberts}, T.~P. and {Mateos}, S. and {Heard}, V.
	},
    title = "{2XMM ultraluminous X-ray source candidates in nearby galaxies}",
  journal = {Monthly Notices of the Royal Astronomical Society},
archivePrefix = "arXiv",
   eprint = {1106.0197},
 primaryClass = "astro-ph.HE",
 keywords = {black hole physics, X-rays: binaries},
     year = 2011,
    month = sep,
   volume = 416,
    pages = {1844-1861},
      doi = {10.1111/j.1365-2966.2011.19154.x},
   adsurl = {http://adsabs.harvard.edu/abs/2011MNRAS.416.1844W},
  adsnote = {Provided by the SAO/NASA Astrophysics Data System}
}

@ARTICLE{best-rc3,
   author = {{Best}, J.~S. and {Charlton}, J.~C. and {Mayer-Kress}, G.},
    title = "{Analysis of Galaxy Morphology and Evolution Using the Pointwise Dimension}",
  journal = {The Astrophysical Journal},
     year = 1996,
    month = jan,
   volume = 456,
    pages = {55},
      doi = {10.1086/176626},
   adsurl = {http://adsabs.harvard.edu/abs/1996ApJ...456...55B},
  adsnote = {Provided by the SAO/NASA Astrophysics Data System}
}

@ARTICLE{knapen-rc3,
   author = {{Knapen}, J.~H. and {Shlosman}, I. and {Peletier}, R.~F.},
    title = "{A Subarcsecond Resolution Near-Infrared Study of Seyfert and ``Normal'' Galaxies. II. Morphology}",
  journal = {The Astrophysical Journal},
   year = 2000,
    month = jan,
   volume = 529,
    pages = {93-100},
      doi = {10.1086/308266},
   adsurl = {http://adsabs.harvard.edu/abs/2000ApJ...529...93K},
  adsnote = {Provided by the SAO/NASA Astrophysics Data System}
}

@ARTICLE{sdss-tel,
   author = {{Gunn}, J.~E. and {Siegmund}, W.~A. and {Mannery}, E.~J. and 
	{Owen}, R.~E. and {Hull}, C.~L. and {Leger}, R.~F. and {Carey}, L.~N. and 
	{Knapp}, G.~R. and {York}, D.~G. and {Boroski}, W.~N. and {Kent}, S.~M. and 
	{Lupton}, R.~H. and {Rockosi}, C.~M. and {Evans}, M.~L. and 
	{Waddell}, P. and {Anderson}, J.~E. and {Annis}, J. and {Barentine}, J.~C. and 
	{Bartoszek}, L.~M. and {Bastian}, S. and {Bracker}, S.~B. and 
	{Brewington}, H.~J. and {Briegel}, C.~I. and {Brinkmann}, J. and 
	{Brown}, Y.~J. and {Carr}, M.~A. and {Czarapata}, P.~C. and 
	{Drennan}, C.~C. and {Dombeck}, T. and {Federwitz}, G.~R. and 
	{Gillespie}, B.~A. and {Gonzales}, C. and {Hansen}, S.~U. and 
	{Harvanek}, M. and {Hayes}, J. and {Jordan}, W. and {Kinney}, E. and 
	{Klaene}, M. and {Kleinman}, S.~J. and {Kron}, R.~G. and {Kresinski}, J. and 
	{Lee}, G. and {Limmongkol}, S. and {Lindenmeyer}, C.~W. and 
	{Long}, D.~C. and {Loomis}, C.~L. and {McGehee}, P.~M. and {Mantsch}, P.~M. and 
	{Neilsen}, Jr., E.~H. and {Neswold}, R.~M. and {Newman}, P.~R. and 
	{Nitta}, A. and {Peoples}, Jr., J. and {Pier}, J.~R. and {Prieto}, P.~S. and 
	{Prosapio}, A. and {Rivetta}, C. and {Schneider}, D.~P. and 
	{Snedden}, S. and {Wang}, S.-i.},
    title = "{The 2.5 m Telescope of the Sloan Digital Sky Survey}",
  journal = {The Astronomical Journal},
   eprint = {astro-ph/0602326},
 keywords = {Surveys, Telescopes},
     year = 2006,
    month = apr,
   volume = 131,
    pages = {2332-2359},
      doi = {10.1086/500975},
   adsurl = {http://adsabs.harvard.edu/abs/2006AJ....131.2332G},
  adsnote = {Provided by the SAO/NASA Astrophysics Data System}
}

@INPROCEEDINGS{sdss-photo,
   author = {{Lupton}, R.~H. and {Ivezic}, Z. and {Gunn}, J.~E. and {Knapp}, G. and 
	{Strauss}, M.~A. and {Yasuda}, N.},
    title = "{SDSS Imaging Pipelines}",
booktitle = {Survey and Other Telescope Technologies and Discoveries},
     year = 2002,
   series = {Society of Photo-Optical Instrumentation Engineers (SPIE) Conference Series},
   volume = 4836,
   editor = {{Tyson}, J.~A. and {Wolff}, S.},
    month = dec,
    pages = {350-356},
      doi = {10.1117/12.457307},
   adsurl = {http://adsabs.harvard.edu/abs/2002SPIE.4836..350L},
  adsnote = {Provided by the SAO/NASA Astrophysics Data System}
}

@INPROCEEDINGS{sdss-camera,
   author = {{Rockosi}, C.~M. and {Gunn}, J.~E. and {Carr}, M.~A. and {Sekiguchi}, M. and 
	{Ivezic}, Z. and {Munn}, J.~A.},
    title = "{Sloan Digital Sky Survey imaging camera: design and performance}",
booktitle = {Survey and Other Telescope Technologies and Discoveries},
     year = 2002,
   series = {Society of Photo-Optical Instrumentation Engineers (SPIE) Conference Series},
   volume = 4836,
   editor = {{Tyson}, J.~A. and {Wolff}, S.},
    month = dec,
    pages = {180-188},
      doi = {10.1117/12.457321},
   adsurl = {http://adsabs.harvard.edu/abs/2002SPIE.4836..180R},
  adsnote = {Provided by the SAO/NASA Astrophysics Data System}
}

@INBOOK{ngs-poss,
   author = {{Minkowski}, R.~L. and {Abell}, G.~O.},
    title = "{The National Geographic Society-Palomar Observatory Sky Survey}",
booktitle = {Basic Astronomical Data: Stars and Stellar Systems},
     year = 1963,
   editor = {{Strand}, K.~A.},
publisher = {the University of Chicago Press},
    pages = {481},
   adsurl = {http://adsabs.harvard.edu/abs/1963bad..book..481M},
  adsnote = {Provided by the SAO/NASA Astrophysics Data System}
}

@INPROCEEDINGS{dss,
   author = {{Lasker}, B.~M. and {Doggett}, J. and {McLean}, B. and {Sturch}, C. and 
	{Djorgovski}, S. and {de Carvalho}, R.~R. and {Reid}, I.~N.},
    title = "{The Palomar--ST ScI Digitized Sky Survey (POSS--II): Preliminary Data Availability}",
booktitle = {Astronomical Data Analysis Software and Systems V},
     year = 1996,
   series = {Astronomical Society of the Pacific Conference Series},
   volume = 101,
   editor = {{Jacoby}, G.~H. and {Barnes}, J.},
    pages = {88},
   adsurl = {http://adsabs.harvard.edu/abs/1996ASPC..101...88L},
  adsnote = {Provided by the SAO/NASA Astrophysics Data System}
}

@ARTICLE{lsst,
   author = {{Ivezic}, Z. and {Tyson}, J.~A. and {Abel}, B. and {Acosta}, E. and 
	{Allsman}, R. and {AlSayyad}, Y. and {Anderson}, S.~F. and {Andrew}, J. and 
	{Angel}, R. and {Angeli}, G. and {Ansari}, R. and {Antilogus}, P. and 
	{Arndt}, K.~T. and {Astier}, P. and {Aubourg}, E. and {Axelrod}, T. and 
	{Bard}, D.~J. and {Barr}, J.~D. and {Barrau}, A. and {Bartlett}, J.~G. and 
	{Bauman}, B.~J. and {Beaumont}, S. and {Becker}, A.~C. and {Becla}, J. and 
	{Beldica}, C. and {Bellavia}, S. and {Blanc}, G. and {Blandford}, R.~D. and 
	{Bloom}, J.~S. and {Bogart}, J. and {Borne}, K. and {Bosch}, J.~F. and 
	{Boutigny}, D. and {Brandt}, W.~N. and {Brown}, M.~E. and {Bullock}, J.~S. and 
	{Burchat}, P. and {Burke}, D.~L. and {Cagnoli}, G. and {Calabrese}, D. and 
	{Chandrasekharan}, S. and {Chesley}, S. and {Cheu}, E.~C. and 
	{Chiang}, J. and {Claver}, C.~F. and {Connolly}, A.~J. and {Cook}, K.~H. and 
	{Cooray}, A. and {Covey}, K.~R. and {Cribbs}, C. and {Cui}, W. and 
	{Cutri}, R. and {Daubard}, G. and {Daues}, G. and {Delgado}, F. and 
	{Digel}, S. and {Doherty}, P. and {Dubois}, R. and {Dubois-Felsmann}, G.~P. and 
	{Durech}, J. and {Eracleous}, M. and {Ferguson}, H. and {Frank}, J. and 
	{Freemon}, M. and {Gangler}, E. and {Gawiser}, E. and {Geary}, J.~C. and 
	{Gee}, P. and {Geha}, M. and {Gibson}, R.~R. and {Gilmore}, D.~K. and 
	{Glanzman}, T. and {Goodenow}, I. and {Gressler}, W.~J. and 
	{Gris}, P. and {Guyonnet}, A. and {Hascall}, P.~A. and {Haupt}, J. and 
	{Hernandez}, F. and {Hogan}, C. and {Huang}, D. and {Huffer}, M.~E. and 
	{Innes}, W.~R. and {Jacoby}, S.~H. and {Jain}, B. and {Jee}, J. and 
	{Jernigan}, J.~G. and {Jevremovic}, D. and {Johns}, K. and {Jones}, R.~L. and 
	{Juramy-Gilles}, C. and {Juric}, M. and {Kahn}, S.~M. and {Kalirai}, J.~S. and 
	{Kallivayalil}, N. and {Kalmbach}, B. and {Kantor}, J.~P. and 
	{Kasliwal}, M.~M. and {Kessler}, R. and {Kirkby}, D. and {Knox}, L. and 
	{Kotov}, I. and {Krabbendam}, V.~L. and {Krughoff}, S. and {Kubanek}, P. and 
	{Kuczewski}, J. and {Kulkarni}, S. and {Lambert}, R. and {Le Guillou}, L. and 
	{Levine}, D. and {Liang}, M. and {Lim}, K. and {Lintott}, C. and 
	{Lupton}, R.~H. and {Mahabal}, A. and {Marshall}, P. and {Marshall}, S. and 
	{May}, M. and {McKercher}, R. and {Migliore}, M. and {Miller}, M. and 
	{Mills}, D.~J. and {Monet}, D.~G. and {Moniez}, M. and {Neill}, D.~R. and 
	{Nief}, J. and {Nomerotski}, A. and {Nordby}, M. and {O'Connor}, P. and 
	{Oliver}, J. and {Olivier}, S.~S. and {Olsen}, K. and {Ortiz}, S. and 
	{Owen}, R.~E. and {Pain}, R. and {Peterson}, J.~R. and {Petry}, C.~E. and 
	{Pierfederici}, F. and {Pietrowicz}, S. and {Pike}, R. and {Pinto}, P.~A. and 
	{Plante}, R. and {Plate}, S. and {Price}, P.~A. and {Prouza}, M. and 
	{Radeka}, V. and {Rajagopal}, J. and {Rasmussen}, A. and {Regnault}, N. and 
	{Ridgway}, S.~T. and {Ritz}, S. and {Rosing}, W. and {Roucelle}, C. and 
	{Rumore}, M.~R. and {Russo}, S. and {Saha}, A. and {Sassolas}, B. and 
	{Schalk}, T.~L. and {Schindler}, R.~H. and {Schneider}, D.~P. and 
	{Schumacher}, G. and {Sebag}, J. and {Sembroski}, G.~H. and 
	{Seppala}, L.~G. and {Shipsey}, I. and {Silvestri}, N. and {Smith}, J.~A. and 
	{Smith}, R.~C. and {Strauss}, M.~A. and {Stubbs}, C.~W. and 
	{Sweeney}, D. and {Szalay}, A. and {Takacs}, P. and {Thaler}, J.~J. and 
	{Van Berg}, R. and {Vanden Berk}, D. and {Vetter}, K. and {Virieux}, F. and 
	{Xin}, B. and {Walkowicz}, L. and {Walter}, C.~W. and {Wang}, D.~L. and 
	{Warner}, M. and {Willman}, B. and {Wittman}, D. and {Wolff}, S.~C. and 
	{Wood-Vasey}, W.~M. and {Yoachim}, P. and {Zhan}, H. and {for the LSST Collaboration}
	},
    title = "{LSST: from Science Drivers to Reference Design and Anticipated Data Products}",
  journal = {ArXiv e-prints},
archivePrefix = "arXiv",
   eprint = {0805.2366},
 keywords = {Astrophysics},
     year = 2008,
    month = may,
   adsurl = {http://adsabs.harvard.edu/abs/2008arXiv0805.2366I},
  adsnote = {Provided by the SAO/NASA Astrophysics Data System}
}


@ARTICLE{sdsstech,
   author = {{York}, D.~G. and {Adelman}, J. and {Anderson}, Jr., J.~E. and 
	{Anderson}, S.~F. and {Annis}, J. and {Bahcall}, N.~A. and {Bakken}, J.~A. and 
	{Barkhouser}, R. and {Bastian}, S. and {Berman}, E. and {Boroski}, W.~N. and 
	{Bracker}, S. and {Briegel}, C. and {Briggs}, J.~W. and {Brinkmann}, J. and 
	{Brunner}, R. and {Burles}, S. and {Carey}, L. and {Carr}, M.~A. and 
	{Castander}, F.~J. and {Chen}, B. and {Colestock}, P.~L. and 
	{Connolly}, A.~J. and {Crocker}, J.~H. and {Csabai}, I. and 
	{Czarapata}, P.~C. and {Davis}, J.~E. and {Doi}, M. and {Dombeck}, T. and 
	{Eisenstein}, D. and {Ellman}, N. and {Elms}, B.~R. and {Evans}, M.~L. and 
	{Fan}, X. and {Federwitz}, G.~R. and {Fiscelli}, L. and {Friedman}, S. and 
	{Frieman}, J.~A. and {Fukugita}, M. and {Gillespie}, B. and 
	{Gunn}, J.~E. and {Gurbani}, V.~K. and {de Haas}, E. and {Haldeman}, M. and 
	{Harris}, F.~H. and {Hayes}, J. and {Heckman}, T.~M. and {Hennessy}, G.~S. and 
	{Hindsley}, R.~B. and {Holm}, S. and {Holmgren}, D.~J. and {Huang}, C.-h. and 
	{Hull}, C. and {Husby}, D. and {Ichikawa}, S.-I. and {Ichikawa}, T. and 
	{Ivezi{\'c}}, {\v Z}. and {Kent}, S. and {Kim}, R.~S.~J. and 
	{Kinney}, E. and {Klaene}, M. and {Kleinman}, A.~N. and {Kleinman}, S. and 
	{Knapp}, G.~R. and {Korienek}, J. and {Kron}, R.~G. and {Kunszt}, P.~Z. and 
	{Lamb}, D.~Q. and {Lee}, B. and {Leger}, R.~F. and {Limmongkol}, S. and 
	{Lindenmeyer}, C. and {Long}, D.~C. and {Loomis}, C. and {Loveday}, J. and 
	{Lucinio}, R. and {Lupton}, R.~H. and {MacKinnon}, B. and {Mannery}, E.~J. and 
	{Mantsch}, P.~M. and {Margon}, B. and {McGehee}, P. and {McKay}, T.~A. and 
	{Meiksin}, A. and {Merelli}, A. and {Monet}, D.~G. and {Munn}, J.~A. and 
	{Narayanan}, V.~K. and {Nash}, T. and {Neilsen}, E. and {Neswold}, R. and 
	{Newberg}, H.~J. and {Nichol}, R.~C. and {Nicinski}, T. and 
	{Nonino}, M. and {Okada}, N. and {Okamura}, S. and {Ostriker}, J.~P. and 
	{Owen}, R. and {Pauls}, A.~G. and {Peoples}, J. and {Peterson}, R.~L. and 
	{Petravick}, D. and {Pier}, J.~R. and {Pope}, A. and {Pordes}, R. and 
	{Prosapio}, A. and {Rechenmacher}, R. and {Quinn}, T.~R. and 
	{Richards}, G.~T. and {Richmond}, M.~W. and {Rivetta}, C.~H. and 
	{Rockosi}, C.~M. and {Ruthmansdorfer}, K. and {Sandford}, D. and 
	{Schlegel}, D.~J. and {Schneider}, D.~P. and {Sekiguchi}, M. and 
	{Sergey}, G. and {Shimasaku}, K. and {Siegmund}, W.~A. and {Smee}, S. and 
	{Smith}, J.~A. and {Snedden}, S. and {Stone}, R. and {Stoughton}, C. and 
	{Strauss}, M.~A. and {Stubbs}, C. and {SubbaRao}, M. and {Szalay}, A.~S. and 
	{Szapudi}, I. and {Szokoly}, G.~P. and {Thakar}, A.~R. and {Tremonti}, C. and 
	{Tucker}, D.~L. and {Uomoto}, A. and {Vanden Berk}, D. and {Vogeley}, M.~S. and 
	{Waddell}, P. and {Wang}, S.-i. and {Watanabe}, M. and {Weinberg}, D.~H. and 
	{Yanny}, B. and {Yasuda}, N. and {SDSS Collaboration}},
    title = "{The Sloan Digital Sky Survey: Technical Summary}",
  journal = {The Astronomical Journal},
   eprint = {astro-ph/0006396},
 keywords = {Cosmology: Observations, Instrumentation: Miscellaneous},
     year = 2000,
    month = sep,
   volume = 120,
    pages = {1579-1587},
      doi = {10.1086/301513},
   adsurl = {http://adsabs.harvard.edu/abs/2000AJ....120.1579Y},
  adsnote = {Provided by the SAO/NASA Astrophysics Data System}
}


@ARTICLE{nsa,
   author = {{Blanton}, M.~R. and {Kazin}, E. and {Muna}, D. and {Weaver}, B.~A. and 
	{Price-Whelan}, A.},
    title = "{Improved Background Subtraction for the Sloan Digital Sky Survey Images}",
  journal = {The Astronomical Journal},
archivePrefix = "arXiv",
   eprint = {1105.1960},
 primaryClass = "astro-ph.IM",
 keywords = {atmospheric effects, galaxies: photometry, methods: data analysis, techniques: image processing},
     year = 2011,
    month = jul,
   volume = 142,
      eid = {31},
    pages = {31},
      doi = {10.1088/0004-6256/142/1/31},
   adsurl = {http://adsabs.harvard.edu/abs/2011AJ....142...31B},
  adsnote = {Provided by the SAO/NASA Astrophysics Data System}
}

@ARTICLE{dposs,
   author = {{Gal}, R.~R. and {de Carvalho}, R.~R. and {Odewahn}, S.~C. and 
	{Djorgovski}, S.~G. and {Mahabal}, A. and {Brunner}, R.~J. and 
	{Lopes}, P.~A.~A.},
    title = "{The Digitized Second Palomar Observatory Sky Survey (DPOSS). II. Photometric Calibration}",
  journal = {The Astronomical Journal},
 keywords = {Catalogs, Surveys, Techniques: Photometric},
     year = 2004,
    month = dec,
   volume = 128,
    pages = {3082-3091},
      doi = {10.1086/344941},
   adsurl = {http://adsabs.harvard.edu/abs/2004AJ....128.3082G},
  adsnote = {Provided by the SAO/NASA Astrophysics Data System}
}

@ARTICLE{2mass,
   author = {{Skrutskie}, M.~F. and {Cutri}, R.~M. and {Stiening}, R. and 
	{Weinberg}, M.~D. and {Schneider}},
    title = "{The Two Micron All Sky Survey (2MASS)}",
  journal = {The Astronomical Journal},
 keywords = {Catalogs, Infrared: General, Surveys},
     year = 2006,
    month = feb,
   volume = 131,
    pages = {1163-1183},
      doi = {10.1086/498708},
   adsurl = {http://adsabs.harvard.edu/abs/2006AJ....131.1163S},
  adsnote = {Provided by the SAO/NASA Astrophysics Data System}
}

@ARTICLE{nyuvagc,
   author = {{Blanton}, M.~R. and {Schlegel}, D.~J. and {Strauss}, M.~A. and 
	{Brinkmann}, J. and {Finkbeiner}, D. and {Fukugita}, M. and 
	{Gunn}, J.~E. and {Hogg}, D.~W. and {Ivezi{\'c}}, {\v Z}. and 
	{Knapp}, G.~R. and {Lupton}, R.~H. and {Munn}, J.~A. and {Schneider}, D.~P. and 
	{Tegmark}, M. and {Zehavi}, I.},
    title = "{New York University Value-Added Galaxy Catalog: A Galaxy Catalog Based on New Public Surveys}",
  journal = {The Astronomical Journal},
   eprint = {astro-ph/0410166},
 keywords = {Galaxies: Distances and Redshifts, Galaxies: Photometry, Galaxies: Statistics},
     year = 2005,
    month = jun,
   volume = 129,
    pages = {2562-2578},
      doi = {10.1086/429803},
   adsurl = {http://adsabs.harvard.edu/abs/2005AJ....129.2562B},
  adsnote = {Provided by the SAO/NASA Astrophysics Data System}
}

@BOOK{rc31991,
   author = {{de Vaucouleurs}, G. and {de Vaucouleurs}, A. and {Corwin}, Jr., H.~G. and 
	{Buta}, R.~J. and {Paturel}, G. and {Fouqu{\'e}}, P.},
    title = "{Third Reference Catalogue of Bright Galaxies. Volume I: Explanations and references. Volume II: Data for galaxies between 0$^{h}$ and 12$^{h}$. Volume III: Data for galaxies between 12$^{h}$ and 24$^{h}$.}",
booktitle = {Third Reference Catalogue of Bright Galaxies.~Volume I: Explanations and references.~ Volume II: Data for galaxies between 0$^{h}$ and 12$^{h}$.~ Volume III: Data for galaxies between 12$^{h}$ and 24$^{h}$., by de Vaucouleurs, G.; de Vaucouleurs, A.; Corwin, H.~G., Jr.; Buta, R.~J.; Paturel, G.; Fouqu{\'e}, P..~Springer, New York, NY (USA), 1991, 2091 p., ISBN 0-387-97552-7, Price US\$ 198.00.~ISBN 3-540-97552-7, Price DM 448.00.~ISBN 0-387-97549-7 (Vol.~I), ISBN 0-387-97550-0 (Vol.~II), ISBN 0-387-97551-9 (Vol.~III).},
     year = 1991,
   adsurl = {http://adsabs.harvard.edu/abs/1991rc3..book.....D},
  adsnote = {Provided by the SAO/NASA Astrophysics Data System}
}

@ARTICLE{edr,
   author = {{Stoughton}, C.  {Lupton}, R.~H. and {Bernardi}, M. et al.},
    title = "{Sloan Digital Sky Survey: Early Data Release}",
 keywords = {Atlases, Catalogs, Surveys},
     year = 2002,
    month = jan,
   volume = 123,
    pages = {485-548},
      doi = {10.1086/324741},
   adsurl = {http://adsabs.harvard.edu/abs/2002AJ....123..485S},
  adsnote = {Provided by the SAO/NASA Astrophysics Data System}
}

@ARTICLE{rc3,
   author = {{de Vaucouleurs}, G. and {de Vaucouleurs}, A. and {Corwin}, H.~G. and 
	{Buta}, R.~J. and {Paturel}, G. and {Fouque}, P.},
    title = "{Third Reference Cat. of Bright Galaxies (RC3) (de Vaucouleurs+ 1991)}",
  journal = {VizieR Online Data Catalog},
 keywords = {Galaxy catalogs},
     year = 1995,
    month = feb,
   volume = 7155,
    pages = {0},
   adsurl = {http://adsabs.harvard.edu/abs/1995yCat.7155....0D},
  adsnote = {Provided by the SAO/NASA Astrophysics Data System}
}

@INPROCEEDINGS{photopaper,
   author = {{Lupton}, R. and {Gunn}, J.~E. and {Ivezi{\'c}}, Z. and {Knapp}, G.~R. and 
	{Kent}, S.},
    title = "{The SDSS Imaging Pipelines}",
booktitle = {Astronomical Data Analysis Software and Systems X},
     year = 2001,
   series = {Astronomical Society of the Pacific Conference Series},
   volume = 238,
   eprint = {astro-ph/0101420},
   editor = {{Harnden}, Jr., F.~R. and {Primini}, F.~A. and {Payne}, H.~E.
	},
    pages = {269},
   adsurl = {http://adsabs.harvard.edu/abs/2001ASPC..238..269L},
  adsnote = {Provided by the SAO/NASA Astrophysics Data System}
}
@INPROCEEDINGS{irsa,
   author = {{Alexov}, A. and {Berriman}, G.~B. and {Chiu}, N.-M. and {Good}, J.~C. and 
	{Jarrett}, T.~H. and {Kong}, M. and {Laity}, A.~C. and {Monkewitz}, S.~M. and 
	{Tahir-Kheli}, N.~D. and {Norton}, S.~W. and {Zhang}, A.},
    title = "{The NASA/IPAC Infrared Science Archive (IRSA): The Demo}",
booktitle = {Astronomical Data Analysis Software and Systems XIV},
     year = 2005,
   series = {Astronomical Society of the Pacific Conference Series},
   volume = 347,
   editor = {{Shopbell}, P. and {Britton}, M. and {Ebert}, R.},
    month = dec,
    pages = {7},
   adsurl = {http://adsabs.harvard.edu/abs/2005ASPC..347....7A},
  adsnote = {Provided by the SAO/NASA Astrophysics Data System}
}
@ARTICLE{montage,
   author = {{Jacob}, J.~C. and {Katz}, D.~S. and {Berriman}, G.~B. and {Good}, J. and 
	{Laity}, A.~C. and {Deelman}, E. and {Kesselman}, C. and {Singh}, G. and 
	{Su}, M.-H. and {Prince}, T.~A. and {Williams}, R.},
    title = "{Montage: a grid portal and software toolkit for science-grade astronomical image mosaicking}",
  journal = {ArXiv e-prints},
archivePrefix = "arXiv",
   eprint = {1005.4454},
 primaryClass = "astro-ph.IM",
 keywords = {Astrophysics - Instrumentation and Methods for Astrophysics, Computer Science - Distributed, Parallel, and Cluster Computing, Computer Science - Software Engineering},
     year = 2010,
    month = may,
   adsurl = {http://adsabs.harvard.edu/abs/2010arXiv1005.4454J},
  adsnote = {Provided by the SAO/NASA Astrophysics Data System}
} 
@INPROCEEDINGS{stiff,
   author = {{Bertin}, E.},
    title = "{Displaying Digital Deep Sky Images}",
booktitle = {Astronomical Data Analysis Software and Systems XXI},
     year = 2012,
   series = {Astronomical Society of the Pacific Conference Series},
   volume = 461,
   editor = {{Ballester}, P. and {Egret}, D. and {Lorente}, N.~P.~F.},
    month = sep,
    pages = {263},
   adsurl = {http://adsabs.harvard.edu/abs/2012ASPC..461..263B},
  adsnote = {Provided by the SAO/NASA Astrophysics Data System}
}
@ARTICLE{efigi,
   author = {{Baillard}, A. and {Bertin}, E. and {de Lapparent}, V. and {Fouqu{\'e}}, P. and 
	{Arnouts}, S. and {Mellier}, Y. and {Pell{\'o}}, R. and {Leborgne}, J.-F. and 
	{Prugniel}, P. and {Makarov}, D. and {Makarova}, L. and {McCracken}, H.~J. and 
	{Bijaoui}, A. and {Tasca}, L.},
    title = "{The EFIGI catalogue of 4458 nearby galaxies with detailed morphology}",
 primaryClass = "astro-ph.CO",
 keywords = {astronomical databases: miscellaneous, catalogs, Galaxy: fundamental parameters, galaxies: spiral, galaxies: dwarf, galaxies: elliptical and lenticular, cD},
     year = 2011,
    month = aug,
   volume = 532,
      eid = {A74},
    pages = {A74},
      doi = {10.1051/0004-6361/201016423},
   adsurl = {http://adsabs.harvard.edu/abs/2011A%26A...532A..74B},
  adsnote = {Provided by the SAO/NASA Astrophysics Data System}
}
@ARTICLE{sextractor,
   author = {{Bertin}, E. and {Arnouts}, S.},
    title = "{SExtractor: Software for source extraction.}",
  journal = {Astronomy and Astrophysics Supplement},
 keywords = {METHODS: DATA ANALYSIS, TECHNIQUES: IMAGE PROCESSING, GALAXIES: PHOTOMETRY},
     year = 1996,
    month = jun,
   volume = 117,
    pages = {393-404},
   adsurl = {http://adsabs.harvard.edu/abs/1996A%26AS..117..393B},
  adsnote = {Provided by the SAO/NASA Astrophysics Data System}
}
@INPROCEEDINGS{rc2,
   author = {{de Vaucouleurs}, G. and {de Vaucouleurs}, A. and {Corwin}, J.~R.
	},
    title = "{Second reference catalogue of bright galaxies}",
booktitle = {Second reference catalogue of bright galaxies, 1976, Austin: University of Texas Press.},
     year = 1976,
    pages = {0},
   adsurl = {http://adsabs.harvard.edu/abs/1976RC2...C......0D},
  adsnote = {Provided by the SAO/NASA Astrophysics Data System}
}

@ARTICLE{astrometry.net,
   author = {{Lang}, D. and {Hogg}, D.~W. and {Mierle}, K. and {Blanton}, M. and 
	{Roweis}, S.},
    title = "{Astrometry.net: Blind Astrometric Calibration of Arbitrary Astronomical Images}",
  journal = {The Astronomical Journal, Volume 139, Issue 5, pp. 1782-1800 (2010)},
archivePrefix = "arXiv",
   eprint = {0910.2233},
 primaryClass = "astro-ph.IM",
 keywords = {astrometry, catalogs, instrumentation: miscellaneous, methods: data analysis, methods: statistical, techniques: image processing},
     year = 2010,
    month = may,
   volume = 139,
    pages = {1782-1800},
      doi = {10.1088/0004-6256/139/5/1782},
   adsurl = {http://adsabs.harvard.edu/abs/2010AJ....139.1782L},
  adsnote = {Provided by the SAO/NASA Astrophysics Data System}
}

@ARTICLE{sextractor_manual,
   author = {{Holwerda}, B.~W.},
    title = "{Source Extractor for Dummies v5}",
  journal = {ArXiv Astrophysics e-prints},
   eprint = {astro-ph/0512139},
 keywords = {Astrophysics},
     year = 2005,
    month = dec,
   adsurl = {http://adsabs.harvard.edu/abs/2005astro.ph.12139H},
  adsnote = {Provided by the SAO/NASA Astrophysics Data System}
}

@ARTICLE{astropy,
   author = {{Astropy Collaboration} and {Robitaille}, T.~P. and {Tollerud}, E.~J. and 
	{Greenfield}, P. and {Droettboom}, M. and {Bray}, E. and {Aldcroft}, T. and 
	{Davis}, M. and {Ginsburg}, A. and {Price-Whelan}, A.~M. and 
	{Kerzendorf}, W.~E. and {Conley}, A. and {Crighton}, N. and 
	{Barbary}, K. and {Muna}, D. and {Ferguson}, H. and {Grollier}, F. and 
	{Parikh}, M.~M. and {Nair}, P.~H. and {Unther}, H.~M. and {Deil}, C. and 
	{Woillez}, J. and {Conseil}, S. and {Kramer}, R. and {Turner}, J.~E.~H. and 
	{Singer}, L. and {Fox}, R. and {Weaver}, B.~A. and {Zabalza}, V. and 
	{Edwards}, Z.~I. and {Azalee Bostroem}, K. and {Burke}, D.~J. and 
	{Casey}, A.~R. and {Crawford}, S.~M. and {Dencheva}, N. and 
	{Ely}, J. and {Jenness}, T. and {Labrie}, K. and {Lim}, P.~L. and 
	{Pierfederici}, F. and {Pontzen}, A. and {Ptak}, A. and {Refsdal}, B. and 
	{Servillat}, M. and {Streicher}, O.},
    title = "{Astropy: A community Python package for astronomy}",
  journal = {Astronomy \& Astrophysics},
archivePrefix = "arXiv",
   eprint = {1307.6212},
 primaryClass = "astro-ph.IM",
 keywords = {methods: data analysis, methods: miscellaneous, virtual observatory tools},
     year = 2013,
    month = oct,
   volume = 558,
      eid = {A33},
    pages = {A33},
      doi = {10.1051/0004-6361/201322068},
   adsurl = {http://adsabs.harvard.edu/abs/2013A%26A...558A..33A},
  adsnote = {Provided by the SAO/NASA Astrophysics Data System}
}


@ARTICLE{aladin,
   author = {{Bonnarel}, F. and {Fernique}, P. and {Bienaym{\'e}}, O. and 
	{Egret}, D. and {Genova}, F. and {Louys}, M. and {Ochsenbein}, F. and 
	{Wenger}, M. and {Bartlett}, J.~G.},
    title = "{The ALADIN interactive sky atlas. A reference tool for identification of astronomical sources}",
  journal = {Astronomy \& Astrophysics Supplament},
 keywords = {ASTRONOMICAL DATA BASES: MISCELLANEOUS, CATALOGS, ATLASES, SURVEYS},
     year = 2000,
    month = apr,
   volume = 143,
    pages = {33-40},
      doi = {10.1051/aas:2000331},
   adsurl = {http://cdsads.u-strasbg.fr/abs/2000A%26AS..143...33B},
  adsnote = {Provided by the SAO/NASA Astrophysics Data System}
}

@MISC{ds9,
   author = {{Smithsonian Astrophysical Observatory}},
    title = "{SAOImage DS9: A utility for displaying astronomical images in the X11 window environment}",
     note = {Last Accessed: 2014-10-15},
     year = 2000,
     howpublished = {\url{http://ds9.si.edu}}
}


@INBOOK{poss1,
   author = {{Minkowski}, R.~L. and {Abell}, G.~O.},
    title = "{The National Geographic Society-Palomar Observatory Sky Survey}",
booktitle = {Basic Astronomical Data: Stars and Stellar Systems},
     year = 1963,
   editor = {{Strand}, K.~A.},
publisher = {the University of Chicago Press},
    pages = {481},
   adsurl = {http://adsabs.harvard.edu/abs/1963bad..book..481M},
  adsnote = {Provided by the SAO/NASA Astrophysics Data System}
}

@ARTICLE{chandra,
   author = {{Evans}, I.~N. and {Primini}, F.~A. and {Glotfelty}, K.~J. and 
	{Anderson}, C.~S. and {Bonaventura}, N.~R. and {Chen}, J.~C. and 
	{Davis}, J.~E. and {Doe}, S.~M. and {Evans}, J.~D. and {Fabbiano}, G. and 
	{Galle}, E.~C. and {Gibbs}, II, D.~G. and {Grier}, J.~D. and 
	{Hain}, R.~M. and {Hall}, D.~M. and {Harbo}, P.~N. and {(Helen He}, X. and 
	{Houck}, J.~C. and {Karovska}, M. and {Kashyap}, V.~L. and {Lauer}, J. and 
	{McCollough}, M.~L. and {McDowell}, J.~C. and {Miller}, J.~B. and 
	{Mitschang}, A.~W. and {Morgan}, D.~L. and {Mossman}, A.~E. and 
	{Nichols}, J.~S. and {Nowak}, M.~A. and {Plummer}, D.~A. and 
	{Refsdal}, B.~L. and {Rots}, A.~H. and {Siemiginowska}, A. and 
	{Sundheim}, B.~A. and {Tibbetts}, M.~S. and {Van Stone}, D.~W. and 
	{Winkelman}, S.~L. and {Zografou}, P.},
    title = "{The Chandra Source Catalog}",
  journal = {The Astrophysical Journal, Supplement},
archivePrefix = "arXiv",
   eprint = {1005.4665},
 primaryClass = "astro-ph.HE",
 keywords = {catalogs, X-rays: general},
     year = 2010,
    month = jul,
   volume = 189,
      eid = {37},
    pages = {37-82},
      doi = {10.1088/0067-0049/189/1/37},
   adsurl = {http://adsabs.harvard.edu/abs/2010ApJS..189...37E},
  adsnote = {Provided by the SAO/NASA Astrophysics Data System}
}
